
@inproceedings{bhatia14,
	address = {Reykjav\'{i}k, Iceland},
	title = {A unified annotation scheme for the semantic/pragmatic components of definiteness},
	booktitle = {Proc. of {LREC}},
	author = {Bhatia, Archna and Simons, Mandy and Levin, Lori and Tsvetkov, Yulia and Dyer, Chris and Bender, Jordan},
	month = may,
	year = {2014}
},

@inproceedings{birner94,
	title = {Uniqueness, familiarity and the definite article in {E}nglish},
	booktitle = {Proc. of {the Twentieth Annual Meeting of the Berkeley Linguistics Society}},
	author = {Birner, B. and Ward, G.},
	year = {1994},
	pages = {93--102}
},

@article{chen04,
	author = {Chen, P.},
	year = {2004},
	title = {Identifiability and definiteness in {C}hinese},
	journal = {Linguistics},
	volume = {42},
	issue = {6},
	pages = {1129--1184}
},

@incollection{clark77,
	Author = {Clark, H.H.},
	Booktitle = {Thinking: Readings in Cognitive Science},
	Editor = {Johnson-Laird, P.N. and Wason, P.C.},
	Publisher = {Cambridge University Press},
	Title = {Bridging},
	Year = {1977}
},

@inproceedings{condoravdi92,
	title = {Strong and weak novelty and familiarity},
	booktitle = {Proc. of {SALT II}},
	author = {Condoravdi, C.},
	year = {1992},
	pages = {17--37}
},

@article{evans77,
	author = {Evans, C.},
	year = {1977},
	title = {Pronouns, quantifiers and relative clauses},
	journal = {Canadian Journal of Philosophy},
	volume = {7},
	number = {3},
	pages = {46}
},

@article{evans80,
	author = {Evans, C.},
	year = {1980},
	title = {Pronouns},
	journal = {Linguistic Inquiry},
	volume = {11}
},

@inproceedings{gundel88,
	title = {The generation and interpretation of demonstrative expressions},
	booktitle = {Proc. of {XIIth International Conference on Computational Linguistics}},
	author = {Gundel, J.K. and Hedberg, N. and Zacharski, R.},
	year = {1988},
	pages = {216--221}
},

@article{gundel93,
	author = {Gundel, J.K. and Hedberg, N. and Zacharski, R.},
	year = {1993},
	title = {Cognitive status and the form of referring expressions in discourse},
	journal = {Language},
	volume = {69},
	pages = {274--307}
},

@article{heim90,
	author = {Heim, I.},
	year = {1990},
	title = {E-type pronouns and donkey anaphora},
	journal = {Linguistics and Philosophy},
	volume = {13},
	pages = {137--177}
},

@phdthesis{kadmon87,
	Author = {Kadmon, N.},
	School = {University of Massachusetts},
	Title = {On unique and non-unique reference and asymmetric quantification},
	Year = {1987}
},

@article{kadmon90,
	author = {Kadmon, N.},
	year = {1990},
	title = {Uniqueness},
	journal = {Linguistics and Philosophy},
	volume = {13},
	pages = {273--324}
},

@book{lyons99,
	title={Definiteness},
	author={Lyons, C.},
	url={http://books.google.com/books/about/Definiteness.html?id=1MeX8240YTUC},
	year={1999},
	publisher={Cambridge University Press}
},

@article{poesio98,
	author = {Poesio, M. and Vieira, R.},
	year = {1998},
	title = {A corpus based investigation of definite description use},
	journal = {Computational Linguistics},
	volume = {24},
	issue = {2},
	pages = {183-216}
},

@incollection{prince92,
	Author = {Prince, E.F.},
	Booktitle = {Discourse description: diverse analyses of a fund raising text},
	Editor = {Thompson, S. and Mann, W.},
	Pages = {295--325},
	Publisher = {John Benjamins},
	Title = {The ZPG Letter: Subjects, definiteness and information status},
	Year = {1992}
},

@inproceedings{reiter10,
	address = {Uppsala, Sweden},
	title = {Identifying generic noun phrases},
	booktitle = {Proc. of {ACL}},
	author = {Reiter, Nils and Frank, Anette},
	month = jul,
	year = {2010},
	pages = {40--49}
},

@article{roberts03,
	author = {Roberts, C.},
	year = {2003},
	title = {Uniqueness in definite noun phrases},
	journal = {Linguistics and Philosophy},
	volume = {26},
	pages = {287--350}
},

@article{russell05,
	author = {Russell, B.},
	year = {1905},
	title = {On denoting},
	journal = {Mind, New Series},
	volume = {14},
	issue = {56},
	pages = {479--493}
},

@inproceedings{stymne09,
	title = {Definite Noun phrases in Statistical Machine Translation into {D}anish},
	booktitle = {Proc. of {Workshop on Extracting and Using Constructions in NLP}},
	author = {Stymne, S.},
	year = {2009},
	pages = {4--9}
},

@inproceedings{tsvetkov13,
	author = {Tsvetkov, Yulia and Dyer, Chris and Levi, Lori and Bhatia, Archna},
  title={Generating {E}nglish Determiners in Phrase-Based Translation with
Synthetic Translation Options},
  booktitle={Proc. of WMT},
  year={2013},
  organization={Association for Computational Linguistics}
},


@book{croft-03,
	title = {Typology and {U}niversals},
	publisher = {Cambridge University Press},
	author = {Croft, William},
	year = {2003}
}


@article{adagrad,
	title = {Adaptive subgradient methods for online learning and stochastic optimization},
	volume = {12},
	number = {Jul},
	journal = {Journal of Machine Learning Research},
	author = {Duchi, John and Hazan, Elad and Singer, Yoram},
	year = {2011},
	pages = {2121--2159}
}


@inproceedings{recasens-13,
	address = {Atlanta, Georgia, {USA}},
	title = {The life and death of discourse entities: identifying singleton mentions},
	booktitle = {Proc. of {NAACL-HLT}},
	author = {Recasens, Marta and de Marneffe, {Marie-Catherine} and Potts, Christopher},
	month = jun,
	year = {2013},
	pages = {627--633}
}


@inproceedings{socher-13,
	address = {Sofia, Bulgaria},
	title = {Parsing with compositional vector grammars},
	booktitle = {Proc. of {ACL}},
	author = {Socher, Richard and Bauer, John and Manning, Christopher D. and Andrew Y., Ng},
	month = aug,
	year = {2013},
	pages = {455--465}
}

@inproceedings{knight1994automated,
  title={Automated postediting of documents},
  author={Knight, Kevin and Chander, Ishwar},
  booktitle={Proc. of the National Conference on Artificial Intelligence},
  pages={779--779},
  year={1994},
  address   = {Seattle, WA}
}

@inproceedings{DBLP:conf/aaai/Elhadad93,
  author    = {Michael Elhadad},
  title     = {Generating Argumentative Judgment Determiners},
  booktitle = {Proc. of AAAI},
  year      = {1993},
  pages     = {344-349}
}

@inproceedings{minnen2000memory,
  title={Memory-based learning for article generation},
  author={Minnen, Guido and Bond, Francis and Copestake, Ann},
  booktitle={Proc. of the 2nd workshop on Learning language in logic and the 4th conference on Computational natural language learning-Volume 7},
  pages={43--48},
  year={2000},
  organization={Association for Computational Linguistics}
}

@article{aehan2006detecting,
  title={Detecting errors in {E}nglish article usage by non-native speakers},
  author={Han, Na-Rae and Chodorow, Martin and Leacock, Claudia},
  booktitle={Proc. of ACL/COLING},
  year={2006},
  publisher={Cambridge Univ Press}
}

@inproceedings{de2008classifier,
  title={A classifier-based approach to preposition and determiner error correction in {L}2 {E}nglish},
  author={De Felice, Rachele and Pulman, Stephen G},
  booktitle={Proc. of the 22nd International Conference on Computational Linguistics-Volume 1},
  pages={169--176},
  year={2008},
  organization={Association for Computational Linguistics}
}


@inproceedings{gamon2008,
  title={Using Contextual Speller Techniques and Language Modeling for {ESL} Error Correction.},
  author={Gamon, Michael and Gao, Jianfeng and Brockett, Chris and Klementiev, Alexandre and Dolan, William B and Belenko, Dmitriy and Vanderwende, Lucy},
  booktitle={Proc. of IJCNLP},
  volume={8},
  pages={449--456},
  year={2008}
}


@inproceedings{rozovskaya2010training,
  title={Training paradigms for correcting errors in grammar and usage},
  author={Rozovskaya, Alla and Roth, Dan},
  booktitle={Proc. of {NAACL-HLT}},
  pages={154--162},
  year={2010},
  organization={Association for Computational Linguistics}
}


@book{komen-13,
	address = {Utrecht},
	title = {Finding focus: a study of the historical development of focus in {E}nglish},
	publisher = {{LOT}},
	author = {Komen, Erwin Ronald},
	year = {2013}
}


@book{hopper-03,
	title = {Grammaticalization},
	publisher = {Cambridge University Press},
	author = {Hopper, Paul J. and Traugott, Elizabeth Closs},
	month = jul,
	year = {2003}
}

@article{PerlichEtAl:2003,
 author = {Perlich, Claudia and Provost, Foster and Simonoff, Jeffrey S.},
 title = {Tree induction vs. logistic regression: a learning-curve analysis},
 journal = {J. Mach. Learn. Res.},
 issue_date = {12/1/2003},
 volume = {4},
 month = dec,
 year = {2003},
 issn = {1532-4435},
 pages = {211--255},
 numpages = {45},
 url = {http://dx.doi.org/10.1162/153244304322972694},
 doi = {10.1162/153244304322972694},
 acmid = {945375},
 publisher = {JMLR.org},
} 

@article{Breiman:2001,
 year={2001},
 issn={0885-6125},
 journal={Machine Learning},
 volume={45},
 number={1},
 doi={10.1023/A:1010933404324},
 title={Random Forests},
 url={http://dx.doi.org/10.1023/A%3A1010933404324},
 publisher={Kluwer Academic Publishers},
 keywords={classification; regression; ensemble},
 author={Breiman, Leo},
 pages={5-32},
 language={English}
}

@article{scikit-learn,
    author = {Pedregosa, F. and Varoquaux, G. and Gramfort, A. and Michel, V. and Thirion, B. and Grisel, O. and Blondel, M. and Prettenhofer, P. and Weiss, R. and Dubourg, V. and Vanderplas, J. and Passos, A. and Cournapeau, D. and Brucher, M. and Perrot, M. and Duchesnay, E.},
    journal = {Journal of Machine Learning Research},
    pages = {2825--2830},
    title = {Scikit-learn: Machine Learning in {P}ython},
    volume = {12},
    year = {2011}}
